<record xmlns="http://www.loc.gov/MARC21/slim">
   <leader>02461cjm a2200517 a 4500</leader>
   <controlfield tag="001">1325415</controlfield>
   <controlfield tag="007">sd zsnznnmlned</controlfield>
   <controlfield tag="008">901002p19851984ja conn             eng d</controlfield>
   <datafield ind1=" " ind2=" " tag="010">
      <subfield code="a">   86754439 /R</subfield>
   </datafield>
   <datafield ind1="0" ind2="1" tag="028">
      <subfield code="a">C37-7600</subfield>
      <subfield code="b">Denon</subfield>
   </datafield>
   <datafield ind1="0" ind2="1" tag="028">
      <subfield code="a">37-7600</subfield>
      <subfield code="b">Denon</subfield>
   </datafield>
   <datafield ind1="2" ind2=" " tag="033">
      <subfield code="a">19840709</subfield>
      <subfield code="a">19840711</subfield>
      <subfield code="b">6494</subfield>
      <subfield code="c">V4</subfield>
   </datafield>
   <datafield ind1=" " ind2=" " tag="035">
      <subfield code="a">ocm16358139</subfield>
   </datafield>
   <datafield ind1=" " ind2=" " tag="040">
      <subfield code="a">DLC</subfield>
      <subfield code="b">eng</subfield>
      <subfield code="c">DLC</subfield>
   </datafield>
   <datafield ind1=" " ind2=" " tag="049">
      <subfield code="a">AEU</subfield>
      <subfield code="b">eng</subfield>
   </datafield>
   <datafield ind1="1" ind2="0" tag="050">
      <subfield code="a">M3.1</subfield>
   </datafield>
   <datafield ind1="0" ind2="0" tag="050">
      <subfield code="a">Denon C37-7600</subfield>
   </datafield>
   <datafield ind1="0" ind2=" " tag="090">
      <subfield code="a">M 3.1 M939 D778 1985</subfield>
   </datafield>
   <datafield ind1="1" ind2=" " tag="100">
      <subfield code="a">Mozart, Wolfgang Amadeus,</subfield>
      <subfield code="d">1756-1791.</subfield>
   </datafield>
   <datafield ind1="1" ind2="0" tag="240">
      <subfield code="a">Concertos.</subfield>
      <subfield code="k">Selections</subfield>
   </datafield>
   <datafield ind1="0" ind2="0" tag="245">
      <subfield code="a">Concerto in F major, KV242, for 3 harpsichords &amp; orchestra :</subfield>
      <subfield code="b">Lodron ; Concerto in D major, KV107, for harpsichord &amp; orchestra ; Concerto in E-flat major, KV107, for harpsichord &amp; orchestra</subfield>
      <subfield code="h">[sound recording] /</subfield>
      <subfield code="c">W.A. Mozart.</subfield>
   </datafield>
   <datafield ind1=" " ind2=" " tag="260">
      <subfield code="a">Japan :</subfield>
      <subfield code="b">Denon,</subfield>
      <subfield code="c">p1985.</subfield>
   </datafield>
   <datafield ind1=" " ind2=" " tag="300">
      <subfield code="a">1 sound disc :</subfield>
      <subfield code="b">digital, stereo. ;</subfield>
      <subfield code="c">4 3/4 in.</subfield>
   </datafield>
   <datafield ind1=" " ind2=" " tag="336">
      <subfield code="a">performed music</subfield>
      <subfield code="b">prm</subfield>
      <subfield code="2">rdacontent</subfield>
   </datafield>
   <datafield ind1=" " ind2=" " tag="337">
      <subfield code="a">audio</subfield>
      <subfield code="b">s</subfield>
      <subfield code="2">rdamedia</subfield>
   </datafield>
   <datafield ind1=" " ind2=" " tag="338">
      <subfield code="a">audio disc</subfield>
      <subfield code="b">sd</subfield>
      <subfield code="2">rdacarrier</subfield>
   </datafield>
   <datafield ind1=" " ind2=" " tag="500">
      <subfield code="a">The 2nd-3rd works with string orchestra acc., adapted by Mozart from the J.C. Bach Keyboard sonatas op. 5, no. 2, and op. 5, no. 4, respectively.</subfield>
   </datafield>
   <datafield ind1=" " ind2=" " tag="500">
      <subfield code="a">Cadenzas for 1st and 2nd works by Mozart; for 3rd by Huguette Dreyfus.</subfield>
   </datafield>
   <datafield ind1=" " ind2=" " tag="500">
      <subfield code="a">Compact disc.</subfield>
   </datafield>
   <datafield ind1=" " ind2=" " tag="500">
      <subfield code="a">Durations: 26:00; 16:00; 10:00.</subfield>
   </datafield>
   <datafield ind1=" " ind2=" " tag="500">
      <subfield code="a">Denon: C37-7600.</subfield>
   </datafield>
   <datafield ind1="0" ind2=" " tag="511">
      <subfield code="a">Huguette Dreyfus (all works), Olivier Baumont (1st work), George Kiss (1st work), harpsichords ; Capella Academica, Wien ; Eduard Melkus, conductor.</subfield>
   </datafield>
   <datafield ind1=" " ind2=" " tag="518">
      <subfield code="a">Recorded in the Baumgartner Casino, Vienna, July 9-11, 1984.</subfield>
   </datafield>
   <datafield ind1=" " ind2=" " tag="596">
      <subfield code="a">38</subfield>
   </datafield>
   <datafield ind1=" " ind2="0" tag="650">
      <subfield code="a">Concertos (Harpsichords (3))</subfield>
   </datafield>
   <datafield ind1=" " ind2="0" tag="650">
      <subfield code="a">Concertos (Harpsichord with string orchestra)</subfield>
   </datafield>
   <datafield ind1="1" ind2=" " tag="700">
      <subfield code="a">Dreyfus, Huguette.,</subfield>
      <subfield code="e">performer.</subfield>
   </datafield>
   <datafield ind1="1" ind2=" " tag="700">
      <subfield code="a">Baumont, Olivier.,</subfield>
      <subfield code="e">performer.</subfield>
   </datafield>
   <datafield ind1="1" ind2=" " tag="700">
      <subfield code="a">Kiss, George.,</subfield>
      <subfield code="e">performer.</subfield>
   </datafield>
   <datafield ind1="1" ind2=" " tag="700">
      <subfield code="a">Melkus, Eduard.,</subfield>
      <subfield code="e">conductor.</subfield>
   </datafield>
   <datafield ind1="1" ind2="2" tag="700">
      <subfield code="a">Mozart, Wolfgang Amadeus,</subfield>
      <subfield code="d">1756-1791.</subfield>
      <subfield code="t">Concertos,</subfield>
      <subfield code="m">pianos (3), orchestra,</subfield>
      <subfield code="n">K. 242,</subfield>
      <subfield code="r">F major.</subfield>
   </datafield>
   <datafield ind1="1" ind2="2" tag="700">
      <subfield code="a">Mozart, Wolfgang Amadeus,</subfield>
      <subfield code="d">1756-1791.</subfield>
      <subfield code="t">Concertos,</subfield>
      <subfield code="m">piano, string orchestra,</subfield>
      <subfield code="n">K. 107.</subfield>
      <subfield code="n">No. 1.</subfield>
   </datafield>
   <datafield ind1="1" ind2="2" tag="700">
      <subfield code="a">Mozart, Wolfgang Amadeus,</subfield>
      <subfield code="d">1756-1791.</subfield>
      <subfield code="t">Concertos,</subfield>
      <subfield code="m">piano, string orchestra,</subfield>
      <subfield code="n">K. 107.</subfield>
      <subfield code="n">No. 3.</subfield>
   </datafield>
   <datafield ind1="2" ind2=" " tag="710">
      <subfield code="a">Capella Academica Wien.,</subfield>
      <subfield code="e">performer.</subfield>
   </datafield>
   <datafield ind1="0" ind2=" " tag="740">
      <subfield code="a">Lodron.</subfield>
   </datafield>
   <datafield ind1=" " ind2=" " tag="926">
      <subfield code="a">M 3.1 M939 D778 1985</subfield>
      <subfield code="w">LC</subfield>
      <subfield code="c">1</subfield>
      <subfield code="i">000034259739</subfield>
      <subfield code="d">9/19/2002</subfield>
      <subfield code="l">ON_SHELF</subfield>
      <subfield code="m">UABARD</subfield>
      <subfield code="n">1</subfield>
      <subfield code="p">$150.00</subfield>
      <subfield code="r">Y</subfield>
      <subfield code="s">Y</subfield>
      <subfield code="t">MUSICSOUND</subfield>
      <subfield code="u">10/4/1990</subfield>
      <subfield code="o">.STAFF. B0031748</subfield>
   </datafield>
</record>
